@article{wolfe2010american,
  title={The American College of Rheumatology preliminary diagnostic criteria for fibromyalgia and measurement of symptom severity},
  author={Wolfe, Frederick and Clauw, Daniel J and Fitzcharles, Mary-Ann and Goldenberg, Don L and Katz, Robert S and Mease, Philip and Russell, Anthony S and Russell, I Jon and Winfield, John B and Yunus, Muhammad B},
  journal={Arthritis Care \& Research},
  volume={62},
  number={5},
  pages={600--610},
  year={2010},
  publisher={Wiley Online Library}
}


@article{hauser2008interdisziplinare,
  title={Interdisziplin{\"a}re S3-Leitlinie: Definition, Pathophysiologie, Diagnostik und Therapie des Fibromyalgiesyndroms},
  author={H{\"a}user, W and Sommer, C and Schiltenwolf, M and others},
  journal={Schmerz},
  volume={22},
  pages={255--266},
  year={2008}
}


@article{albrecht2014gender,
  title={Gender-spezifische Unterschiede der Komorbidit{\"a}t bei rheumatoider Arthritis},
  author={Albrecht, K},
  journal={Zeitschrift f{\"u}r Rheumatologie},
  volume={73},
  number={7},
  pages={607--614},
  year={2014},
  publisher={Springer}
}


@article{arnold2006comorbidity,
  title={Comorbidity of fibromyalgia and psychiatric disorders.},
  author={Arnold, Lesley M and Hudson, James I and Keck, Paul E and Auchenbach, Megan B and Javaras, Kristin N and Hess, Evelyn V},
  journal={The Journal of Clinical Psychiatry},
  volume={67},
  number={8},
  pages={1219--1225},
  year={2006}
}


@article{wolfe1995prevalence,
  title={The prevalence and characteristics of fibromyalgia in the general population},
  author={Wolfe, Frederick and Ross, Kathryn and Anderson, Janice and Russell, I Jon and Hebert, Liesi87},
  journal={Arthritis \& Rheumatism},
  volume={38},
  number={1},
  pages={19--28},
  year={1995},
  publisher={Wiley Online Library}
}

@article{mannerkorpi1994physical,
  title={Physical performance characteristics of women with fibromyalgia},
  author={Mannerkorpi, Kaisa and Burckhardt, Carol S and Bjelle, Anders},
  journal={Arthritis \& Rheumatism},
  volume={7},
  number={3},
  pages={123--129},
  year={1994},
  publisher={Wiley Online Library}
}

@article{white2008employees,
  title={Employees with fibromyalgia: medical comorbidity, healthcare costs, and work loss},
  author={White, Leigh Ann and Birnbaum, Howard G and Kaltenboeck, Anna and Tang, Jackson and Mallett, David and Robinson, Rebecca L},
  journal={Journal of Occupational and Environmental Medicine},
  volume={50},
  number={1},
  pages={13--24},
  year={2008},
  publisher={LWW}
}


@article{berger2007characteristics,
  title={Characteristics and healthcare costs of patients with fibromyalgia syndrome},
  author={Berger, A and Dukes, E and Martin, S and Edelsberg, J and Oster, G},
  journal={International Journal of Clinical Practice},
  volume={61},
  number={9},
  pages={1498--1508},
  year={2007},
  publisher={Wiley Online Library}
}


@article{laas2009health,
  title={Health-related quality of life in patients with common rheumatic diseases referred to a university clinic},
  author={Laas, Karin and Roine, Risto and R{\"a}s{\"a}nen, Pirjo and Sintonen, Harri and Leirisalo-Repo, Marjatta},
  journal={Rheumatology International},
  volume={29},
  number={3},
  pages={267--273},
  year={2009},
  publisher={Springer}
}


@article{crofford1994hypothalamic,
  title={Hypothalamic--pituitary--adrenal axis perturbations in patients with fibromyalgia},
  author={Crofford, Leslie J and Pillemer, Stanley R and Kalogeras, Konstantine T and Cash, Joseph M and Michelson, David and Kling, Mitchel A and Sternberg, Esther M and Gold, Philip W and Chrousos, George P and Wilder, Ronald L},
  journal={Arthritis \& Rheumatism},
  volume={37},
  number={11},
  pages={1583--1592},
  year={1994},
  publisher={Wiley Online Library}
}


@article{gonzalez2013altered,
  title={Altered psychophysiological responses to the view of others' pain and anger faces in fibromyalgia patients},
  author={Gonz{\'a}lez-Rold{\'a}n, Ana M and Mu{\~n}oz, Miguel A and Cifre, Ignacio and Sitges, Carolina and Montoya, Pedro},
  journal={The Journal of Pain},
  volume={14},
  number={7},
  pages={709--719},
  year={2013},
  publisher={Elsevier}
}


@article{sitges2007abnormal,
  title={Abnormal brain processing of affective and sensory pain descriptors in chronic pain patients},
  author={Sitges, Carolina and Garc{\'\i}a-Herrera, Manuel and Peric{\'a}s, Miquel and Collado, Dolores and Truyols, Magdalena and Montoya, Pedro},
  journal={Journal of Affective Disorders},
  volume={104},
  number={1},
  pages={73--82},
  year={2007},
  publisher={Elsevier}
}


@article{montoya2004influence,
  title={Influence of social support and emotional context on pain processing and magnetic brain responses in fibromyalgia},
  author={Montoya, Pedro and Larbig, Wolfgang and Braun, Christoph and Preissl, Hubert and Birbaumer, Niels},
  journal={Arthritis \& Rheumatism},
  volume={50},
  number={12},
  pages={4035--4044},
  year={2004},
  publisher={Wiley Online Library}
}


@article{gracely2002functional,
  title={Functional magnetic resonance imaging evidence of augmented pain processing in fibromyalgia},
  author={Gracely, Richard H and Petzke, Frank and Wolf, Julie M and Clauw, Daniel J},
  journal={Arthritis \& Rheumatism},
  volume={46},
  number={5},
  pages={1333--1343},
  year={2002},
  publisher={Wiley Online Library}
}


@article{martinez2013pain,
  title={Pain sensitivity in fibromyalgia is associated with catechol-O-methyltransferase (COMT) gene},
  author={Mart{\'\i}nez-Jauand, M and Sitges, C and Rodriguez, V and Picornell, A and Ramon, M and Buskila, D and Montoya, P},
  journal={European Journal of Pain},
  volume={17},
  number={1},
  pages={16--27},
  year={2013},
  publisher={Wiley Online Library}
}


@article{barbosa2012influence,
  title={Influence of catechol-O-methyltransferase (COMT) gene polymorphisms in pain sensibility of Brazilian fibromialgia patients},
  author={Barbosa, Fl{\'a}via Regina and Matsuda, Josie Budag and Mazucato, Mendelson and de Castro Fran{\c{c}}a, Suzelei and Zingaretti, S{\^o}nia Marli and da Silva, Lucienir Maria and Martinez-Rossi, Nilce Maria and J{\'u}nior, Milton Faria and Marins, Mozart and Fachin, Ana L{\'u}cia},
  journal={Rheumatology International},
  volume={32},
  number={2},
  pages={427--430},
  year={2012},
  publisher={Springer}
}


@article{bennett2007internet,
  title={An internet survey of 2,596 people with fibromyalgia},
  author={Bennett, Robert M and Jones, Jessie and Turk, Dennis C and Russell, I Jon and Matallana, Lynne},
  journal={BMC Musculoskeletal Disorders},
  volume={8},
  number={1},
  pages={27},
  year={2007},
  publisher={BioMed Central Ltd}
}


@article{hawley1991pain,
  title={Pain, disability, and pain/disability relationships in seven rheumatic disorders: a study of 1,522 patients.},
  author={Hawley, Donna J and Wolfe, Frederick},
  journal={The Journal of Rheumatology},
  volume={18},
  number={10},
  pages={1552--1557},
  year={1991}
}

@article{white1999comparing,
  title={Comparing self-reported function and work disability in 100 community cases of fibromyalgia syndrome versus controls in London, Ontario: the London Fibromyalgia Epidemiology Study},
  author={White, Kevin P and Speechley, Mark and Harth, Manfred and Ostbye, Truls},
  journal={Arthritis \& Rheumatism},
  volume={42},
  number={1},
  pages={76--83},
  year={1999},
  publisher={Wiley Online Library}
}


@article{wolfe2004severe,
  title={Severe rheumatoid arthritis (RA), worse outcomes, comorbid illness, and sociodemographic disadvantage characterize ra patients with fibromyalgia.},
  author={Wolfe, Frederick and Michaud, Kaleb},
  journal={The Journal of Rheumatology},
  volume={31},
  number={4},
  pages={695--700},
  year={2004},
  publisher={The Journal of Rheumatology}
}


@article{da2000determinants,
  title={Determinants of health status in fibromyalgia: a comparative study with systemic lupus erythematosus.},
  author={Da Costa, DEBORAH and Dobkin, PATRICIA L and Fitzcharles, MA and Fortin, PAUL R and Beaulieu, ANDR{\'E} and Zummer, MICHAEL and Senecal, JL and Goulet, JEAN RICHARD and Rich, ERIC and Choquette, DENIS and others},
  journal={The Journal of Rheumatology},
  volume={27},
  number={2},
  pages={365--372},
  year={2000}
}

@article{mannerkorpi1994,
  title={Physical performance characteristics of women with fibromyalgia},
  author={Mannerkorpi, Kaisa and Burckhardt, Carol S and Bjelle, Anders},
  journal={Arthritis \& Rheumatism},
  volume={7},
  number={3},
  pages={123--129},
  year={1994}
  }

@article{pierrynowski2005women,
  title={Women with fibromyalgia walk with an altered muscle synergy},
  author={Pierrynowski, Michael R and Tiidus, Peter M and Galea, Victoria},
  journal={Gait \& Posture},
  volume={22},
  number={3},
  pages={210--218},
  year={2005},
  publisher={Elsevier}
}

@article{bendtsen1997evidence,
  title={Evidence of qualitatively altered nociception in patients with fibromyalgia},
  author={Bendtsen, Lars and N{\o}rregaard, Jesper and Jensen, Rigmor and Olesen, Jes},
  journal={Arthritis \& Rheumatism},
  volume={40},
  number={1},
  pages={98--102},
  year={1997},
  publisher={Wiley Online Library}
}


@article{jimenez2009spatial,
  title={Spatial-temporal parameters of gait in women with fibromyalgia},
  author={Jim{\'e}nez, Jos{\'e} Mar{\'\i}a Heredia and Garc{\'\i}a-Molina, Virginia A Aparicio and Foulquie, Jes{\'u}s M Porres and Fern{\'a}ndez, Manuel Delgado and Hermoso, Victor M Soto},
  journal={Clinical Rheumatology},
  volume={28},
  number={5},
  pages={595--598},
  year={2009},
  publisher={Springer}
}


@article{auvinet2006gait,
  title={Gait disorders in patients with fibromyalgia},
  author={Auvinet, Bernard and Bileckot, Richard and Alix, Anne-Sophie and Chaleil, Denis and Barrey, Eric},
  journal={Joint Bone Spine},
  volume={73},
  number={5},
  pages={543--546},
  year={2006},
  publisher={Elsevier}
}


@article{pankoff2000validity,
  title={Validity and responsiveness of the 6 minute walk test for people with fibromyalgia.},
  author={Pankoff, BRENDA and Overend, Tom and Lucy, DEBORAH and White, KEVIN},
  journal={The Journal of Rheumatology},
  volume={27},
  number={11},
  pages={2666--2670},
  year={2000}
}


@article{russek2009pilot,
  title={Pilot study assessing balance in women with fibromyalgia syndrome},
  author={Russek, Leslie N and Fulk, George D},
  journal={Physiotherapy Theory and Practice},
  volume={25},
  number={8},
  pages={555--565},
  year={2009},
  publisher={Informa UK Ltd London, UK}
}


@article{jones2009fibromyalgia,
  title={Fibromyalgia is associated with impaired balance and falls},
  author={Jones, Kim D and Horak, Fay B and Winters, Kerri Stone and Morea, Jessica M and Bennett, Robert M},
  journal={Journal of Clinical Rheumatology: Practical Reports on Rheumatic \& Musculoskeletal Diseases},
  volume={15},
  number={1},
  pages={16-21},
  year={2009},
  publisher={NIH Public Access}
}


@article{walton2006studying,
  title={Studying the Risk of Falls in Patients with Fibromyalgia},
  author={Walton, Lori},
  journal={Advance for Physical Therapists},
  volume={17},
  number={23},
  pages={10},
  year={2006}
}


@article{horak2006postural,
  title={Postural orientation and equilibrium: what do we need to know about neural control of balance to prevent falls?},
  author={Horak, Fay B},
  journal={Age and Ageing},
  volume={35},
  number={suppl 2},
  pages={ii7--ii11},
  year={2006},
  publisher={Br Geriatrics Soc}
}

@inproceedings{Katz2007pain,
  title={Fibromyalgia patients report many symptoms other than pain and fatigue},
  author={Katz, RS and Ferbert, S and Leavitt, F},
  booktitle={Program and abstracts of the American College of Rheumatology 2007 Annual Scientific Meeting},
  year={2007}
}

@article{sattin1992falls,
  title={Falls among older persons: a public health perspective},
  author={Sattin, Richard W},
  journal={Annual Review of Public Health},
  volume={13},
  number={1},
  pages={489--508},
  year={1992},
  publisher={Annual Reviews 4139 El Camino Way, PO Box 10139, Palo Alto, CA 94303-0139, USA}
}


@article{burckhardt1991fibromyalgia,
  title={The fibromyalgia impact questionnaire: development and validation},
  author={Burckhardt, CS and Clark, SR and Bennett, RM and others},
  journal={Journal of Rheumatology},
  volume={18},
  number={5},
  pages={728--33},
  year={1991}
}


@article{arnold2007gabapentin,
  title={Gabapentin in the treatment of fibromyalgia: A randomized, double-blind, placebo-controlled, multicenter trial},
  author={Arnold, Lesley M and Goldenberg, Don L and Stanford, Sharon B and Lalonde, Justine K and Sandhu, HS and Keck, Paul E and Welge, Jeffrey A and Bishop, Fred and Stanford, Kevin E and Hess, Evelyn V and others},
  journal={Arthritis \& Rheumatism},
  volume={56},
  number={4},
  pages={1336--1344},
  year={2007},
  publisher={Wiley Online Library}
}


@article{bennett2005fibromyalgia,
  title={The Fibromyalgia Impact Questionnaire (FIQ): a review of its development, current version, operating characteristics and uses},
  author={Bennett, R},
  journal={Clinical and Experimental Rheumatology},
  volume={23},
  number={5},
  pages={S154-162},
  year={2005},
  publisher={CLINICAL AND EXPERIMENTAL RHEUMATOLOGY SAS}
}


@article{monterde2004validacion,
  title={Validaci{\'o}n de la versi{\'o}n espa{\~n}ola del Fibromyalgia Impact Questionnaire},
  author={Monterde, S and Salvat, I and Montull, S and Fern{\'a}ndez-Ballart, J},
  journal={Rev Esp Reumatol},
  volume={31},
  number={9},
  pages={507--513},
  year={2004}
}


@article{berg1991measuring,
  title={Measuring balance in the elderly: validation of an instrument.},
  author={Berg, Katherine O and Wood-Dauphinee, Sharon L and Williams, J Ivan and Maki, Brian},
  journal={Canadian Journal of Public Health},
  volume={83},
  pages={S7--11},
  year={1991}
}


@article{dibble2008diagnosis,
  title={Diagnosis of fall risk in Parkinson disease: an analysis of individual and collective clinical balance test interpretation},
  author={Dibble, Leland E and Christensen, Jesse and Ballard, D James and Foreman, K Bo},
  journal={Physical Therapy},
  volume={88},
  number={3},
  pages={323--332},
  year={2008},
  publisher={American Physical Therapy Association}
}


@article{marc2005comparison,
  title={Comparison of the 2-, 6-, and 12-minute walk tests in patients with stroke},
  author={Marc Kosak, MSPT and Smith, Teresa},
  journal={Journal of Rehabilitation Research \& Development},
  pages={103-107},
  volume={42},
  year={2005}

}


@article{rossier2001validity,
  title={Validity and reliability comparison of 4 mobility measures in patients presenting with neurologic impairment},
  author={Rossier, Philippe and Wade, Derick T},
  journal={Archives of Physical Medicine and Rehabilitation},
  volume={82},
  number={1},
  pages={9--13},
  year={2001},
  publisher={Elsevier}
}


@article{king1999validity,
  title={Validity and reliability of the 6 minute walk in persons with fibromyalgia.},
  author={King, S and Wessel, J and Bhambhani, Y and Maikala, R and Sholter, D and Maksymowych, W},
  journal={The Journal of Rheumatology},
  volume={26},
  number={10},
  pages={2233--2237},
  year={1999}
}


@article{pankoff2000reliability,
  title={Reliability of the six-minute walk test in people with fibromyalgia},
  author={Pankoff, Brenda A and Overend, Tom J and Lucy, S Deborah and White, Kevin P},
  journal={Arthritis Care \& Research},
  volume={13},
  number={5},
  pages={291--295},
  year={2000},
  publisher={Wiley Online Library}
}


@article{garber2003effects,
  title={Effects of fatigue on physical activity and function in patients with Parkinson’s disease},
  author={Garber, Carol Ewing and Friedman, Joseph H},
  journal={Neurology},
  volume={60},
  number={7},
  pages={1119--1124},
  year={2003},
  publisher={AAN Enterprises}
}


@article{enright2003six,
  title={The six-minute walk test},
  author={Enright, Paul L},
  journal={Respiratory Care},
  volume={48},
  number={8},
  pages={783--785},
  year={2003},
  publisher={American Association for Respiratory Care}
}


@article{borg1982psychophysical,
  title={Psychophysical bases of perceived exertion},
  author={Borg, Gunnar A},
  journal={Med Sci Sports Exerc},
  volume={14},
  number={5},
  pages={377--381},
  year={1982}
}


@article{shumway2000predicting,
  title={Predicting the probability for falls in community-dwelling older adults using the Timed Up \& Go Test},
  author={Shumway-Cook, Anne and Brauer, Sandy and Woollacott, Marjorie},
  journal={Physical Therapy},
  volume={80},
  number={9},
  pages={896--903},
  year={2000},
  publisher={American Physical Therapy Association}
}


@article{podsiadlo1991timed,
  title={The timed" Up \& Go": a test of basic functional mobility for frail elderly persons.},
  author={Podsiadlo, Diane and Richardson, Sandra},
  journal={Journal of the American Geriatrics Society},
  volume={39},
  number={2},
  pages={142--148},
  year={1991}
}


@article{joakimsen2007association,
  title={The association between timed up and go test and history of falls: The Troms{\o} study},
  author={Joakimsen, Ragnar M and Thornquist, Eline and Thrane, Gyrd},
  journal={BMC Geriatrics},
  volume={7},
  number={1},
  pages={1},
  year={2007},
  publisher={BioMed Central Ltd}
}

@article{newton1997balance,
  title={Balance screening of an inner city older adult population},
  author={Newton, Roberta A},
  journal={Archives of Physical Medicine and Rehabilitation},
  volume={78},
  number={6},
  pages={587--591},
  year={1997},
  publisher={Elsevier}
}


@article{khasnis2003romberg,
  title={Romberg's test.},
  author={Khasnis, A and Gokula, RM and others},
  journal={Journal of Postgraduate Medicine},
  volume={49},
  number={2},
  pages={169},
  year={2003},
  publisher={Medknow}
}


@article{pena2013free,
  title={Free instrument for measurements of motion},
  author={Pe{\~n}a, Norberto and Credidio, Bruno Cec{\'\i}lio and Corr{\^e}a, Lorena Peixoto Nogueira Rodriguez Martinez and Fran{\c{c}}a, Lucas Gabriel Souza and Cunha, Marcelo do Vale and Sousa, Marcos Cavalcanti de and Vieira, Jo{\~a}o Paulo Bomfim Cruz and Miranda, Jos{\'e} Garcia Vivas and others},
  journal={Revista Brasileira de Ensino de F{\'\i}sica},
  volume={35},
  number={3},
  pages={1--5},
  year={2013},
  publisher={SciELO Brasil}
}


@article{cherry2012positive,
  title={Positive associations between physical and cognitive performance measures in fibromyalgia},
  author={Cherry, Barbara J and Zettel-Watson, Laura and Chang, Jennifer C and Shimizu, Renee and Rutledge, Dana N and Jones, C Jessie},
  journal={Archives of Physical Medicine and Rehabilitation},
  volume={93},
  number={1},
  pages={62--71},
  year={2012},
  publisher={Elsevier}
}


@article{valkeinen2008physical,
  title={Physical fitness in postmenopausal women with fibromyalgia},
  author={Valkeinen, H and H{\"a}kkinen, A and Alen, M and Hannonen, P and Kukkonen-Harjula, K and H{\"a}kkinen, K},
  journal={International Journal of Sports Medicine},
  volume={29},
  number={05},
  pages={408--413},
  year={2008},
  publisher={{\copyright} Georg Thieme Verlag KG Stuttgart{\textperiodcentered} New York}
}


@article{winter1995human,
  title={Human balance and posture control during standing and walking},
  author={Winter, David A},
  journal={Gait \& Posture},
  volume={3},
  number={4},
  pages={193--214},
  year={1995},
  publisher={Elsevier}
}


@article{elble1991stride,
  title={Stride-dependent changes in gait of older people},
  author={Elble, RJ and Thomas, S Sienko and Higgins, C and Colliver, J},
  journal={Journal of Neurology},
  volume={238},
  number={1},
  pages={1--5},
  year={1991},
  publisher={Springer}
}


@article{li2011virtual,
  title={Virtual reality and pain management: current trends and future directions},
  author={Li, Angela and Monta{\~n}o, Zorash and Chen, Vincent J and Gold, Jeffrey I},
  journal={Pain Management},
  volume={1},
  number={2},
  pages={147--157},
  year={2011},
  publisher={Future Medicine}
}


@article{weering2009daily,
  title={Daily physical activities in chronic lower back pain patients assessed with accelerometry},
  author={Weering, MGH and Vollenbroek-Hutten, MMR and T{\"o}nis, TM and Hermens, HJ},
  journal={European Journal of Pain},
  volume={13},
  number={6},
  pages={649--654},
  year={2009},
  publisher={Wiley Online Library}
}


@article{leeuw2007fear,
  title={The fear-avoidance model of musculoskeletal pain: current state of scientific evidence},
  author={Leeuw, Maaike and Goossens, Mari{\"e}lle EJB and Linton, Steven J and Crombez, Geert and Boersma, Katja and Vlaeyen, Johan WS},
  journal={Journal of Behavioral Medicine},
  volume={30},
  number={1},
  pages={77--94},
  year={2007},
  publisher={Springer}
}


@article{vlaeyen2000fear,
  title={Fear-avoidance and its consequences in chronic musculoskeletal pain: a state of the art},
  author={Vlaeyen, Johan WS and Linton, Steven J},
  journal={Pain},
  volume={85},
  number={3},
  pages={317--332},
  year={2000},
  publisher={Elsevier}
}


@article{panton2006comparison,
  title={A comparison of physical functional performance and strength in women with fibromyalgia, age-and weight-matched controls, and older women who are healthy},
  author={Panton, Lynn B and Kingsley, J Derek and Toole, Tonya and Cress, M Elaine and Abboud, George and Sirithienthad, Prawee and Mathis, Reed and McMillan, Victor},
  journal={Physical Therapy},
  volume={86},
  number={11},
  pages={1479--1488},
  year={2006},
  publisher={American Physical Therapy Association}
}


@article{goes2012functional,
  title={Functional capacity, muscle strength and falls in women with fibromyalgia},
  author={G{\'o}es, Suelen M and Leite, Neiva and Shay, Barbara L and Homann, Diogo and Stefanello, Joice MF and Rodacki, Andr{\'e} LF},
  journal={Clinical Biomechanics},
  volume={27},
  number={6},
  pages={578--583},
  year={2012},
  publisher={Elsevier}
}


@book{weber2011vertigo,
  title={Vertigo and disequilibrium: a practical guide to diagnosis and management},
  author={Weber, Peter C},
  year={2011},
  publisher={Thieme}
}


@article{sylliaas2009does,
  title={Does mortality of the aged increase with the number of falls? Results from a nine-year follow-up study},
  author={Sylliaas, Hilde and Idland, Gro and Sandvik, Leiv and Forsen, Lisa and Bergland, Astrid},
  journal={European Journal of Epidemiology},
  volume={24},
  number={7},
  pages={351--355},
  year={2009},
  publisher={Springer}
}


@article{jones2011postural,
  title={Postural control deficits in people with fibromyalgia: a pilot study},
  author={Jones, Kim D and King, Laurie A and Mist, Scott D and Bennett, Robert M and Horak, Fay B},
  journal={Arthritis Res Ther},
  volume={13},
  number={4},
  pages={R127},
  year={2011}
}


@article{tinetti1986fall,
  title={Fall risk index for elderly patients based on number of chronic disabilities},
  author={Tinetti, Mary E and Franklin Williams, T and Mayewski, Raymond},
  journal={The American Journal of Medicine},
  volume={80},
  number={3},
  pages={429--434},
  year={1986},
  publisher={Elsevier}
}


@article{bilney2003concurrent,
  title={Concurrent related validity of the GAITRite{\textregistered} walkway system for quantification of the spatial and temporal parameters of gait},
  author={Bilney, Belinda and Morris, Meg and Webster, Kate},
  journal={Gait \Gait \& posture Posture},
  volume={17},
  number={1},
  pages={68--74},
  year={2003},
  publisher={Elsevier}
}


@article{mcdonough2001validity,
  title={The validity and reliability of the GAITRite system's measurements: A preliminary evaluation},
  author={McDonough, Andrew L and Batavia, Mitchell and Chen, Fang C and Kwon, Soonjung and Ziai, James},
  journal={Archives of Physical Medicine and Rehabilitation},
  volume={82},
  number={3},
  pages={419--425},
  year={2001},
  publisher={Elsevier}
}


@article{sil2014preliminary,
  title={Preliminary evidence of altered biomechanics in adolescents with Juvenile Fibromyalgia},
  author={Sil, Soumitri and Thomas, Staci and DiCesare, Christopher and Strotman, Daniel and Ting, Tracy V and Myer, Gregory and Kashikar-Zuck, Susmita},
  journal={Arthritis Care \& Research},
  year={2014},
  publisher={Wiley Online Library}
}


@article{latorre2014analysis,
  title={Analysis of the performance of women with fibromyalgia in the six-minute walk test and its relation with health and quality of life.},
  author={Latorre-Rom{\'a}n, P and Santos-Campos, M and Heredia-Jimenez, J and Delgado-Fern{\'a}ndez, M and Soto-Hermoso, V},
  journal={The Journal of Sports Medicine and Physical Fitness},
  volume={54},
  number={4},
  pages={511--517},
  year={2014}
}


@article{heredia2014kinematics,
  title={Kinematics gait disorder in men with fibromyalgia},
  author={Heredia-Jimenez, Jose M and Soto-Hermoso, Victor M},
  journal={Rheumatology International},
  volume={34},
  number={1},
  pages={63--65},
  year={2014},
  publisher={Springer}
}


@article{meireles2014prevalence,
  title={Prevalence of falls in fibromyalgia patients},
  author={Meireles, Sandra Adolph and Antero, Daniel Casagrande and Kulczycki, Marciane Maria and Skare, Thelma Larocca},
  journal={Acta Ortopedica Brasileira},
  volume={22},
  number={3},
  pages={163--166},
  year={2014},
  publisher={SciELO Brasil}
}

@article{gea2014viewing,
  title={Viewing Pain and Happy Faces Elicited Similar Changes in Postural Body Sway},
  author={Gea, Juan and Mu{\~n}oz, Miguel A and Costa, Isis and Ciria, Lu{\'\i}s F and Miranda, Jos{\'e} GV and Montoya, Pedro},
  journal={PLOS ONE},
  volume={9},
  number={8},
  pages={e104381},
  year={2014},
  publisher={Public Library of Science}
}

@article{van2007impact,
  title={Impact of chronic pain on everyday physical activity},
  author={van den Berg-Emons, Rita J and Schasfoort, Fabi{\"e}nne C and de Vos, Leonard A and Bussmann, Johannes B and Stam, Henk J},
  journal={European Journal of Pain},
  volume={11},
  number={5},
  pages={587--593},
  year={2007},
  publisher={Elsevier}
}

@article{jones2008self,
  title={Self-assessed physical function levels of women with fibromyalgia: a national survey},
  author={Jones, Jessie and Rutledge, Dana N and Jones, Kim Dupree and Matallana, Lynne and Rooks, Daniel S},
  journal={Women's Health Issues},
  volume={18},
  number={5},
  pages={406--412},
  year={2008},
  publisher={Elsevier}
}

@article{muto2014postural,
  title={Postural control and balance self efficacy in women with fibromyalgia. Are there differences?},
  author={Muto, L and Mango, P and Sauer, J and Yuan, S and Sousa, A and Marques, A},
  journal={European Journal of Physical and Rehabilitation Medicine},
  year={2014}
}

@book{feder1988fractals,
  title={Fractals},
  author={Feder, Jens},
  year={1988},
  publisher={Springer},
  address = {New York, NY}
}

@book{russ1994fractal,
  title={Fractal surfaces},
  author={Russ, John C},
  year={1994},
  publisher={Plenum},
  address = {New York, NY}
}

@article{Hausdorff2007,
title = {{Gait dynamics, fractals and falls: finding meaning in the stride-to-stride fluctuations of human walking.}},
author = {Hausdorff, Jeffrey M},
journal={Human Movement Science},
number = {4},
pages = {555--89},
volume = {26},
year = {2007}
}

@article{roerdink2006dynamical,
  title={Dynamical structure of center-of-pressure trajectories in patients recovering from stroke},
  author={Roerdink, M and De Haart, M and Daffertshofer, A and Donker, SF and Geurts, ACH and Beek, PJ},
  journal={Experimental Brain Research},
  volume={174},
  number={2},
  pages={256--269},
  year={2006},
  publisher={Springer}
}

@article{Peng1995,
author = {Peng, C K and Havlin, S and Stanley, H E and Goldberger, A L},
title = {{Quantification of scaling exponents and crossover phenomena in nonstationary heartbeat time series.}},
journal={Chaos (Woodbury, N.Y.)},
number = {1},
pages = {82--7},
volume = {5},
year = {1995}
}

@article{verbunt2009assessment,
  title={Assessment of physical activity in daily life in patients with musculoskeletal pain},
  author={Verbunt, Jeanine A and Huijnen, Ivan PJ and K{\"o}ke, Albere},
  journal={European Journal of Pain},
  volume={13},
  number={3},
  pages={231--242},
  year={2009},
  publisher={Wiley Online Library}
}

@article{Hausdorff2001,
title = {{When human walking becomes random walking: fractal analysis and modeling of gait rhythm fluctuations}},
author = {Hausdorff, Jeffrey M. and Ashkenazy, Yosef and Peng, Chang-k and Ivanov, Plamen Ch. and Stanley, H.Eugene and Goldberger, Ary L.},
journal={Physica A: Statistical Mechanics and its Applications},
number = {1-4},
pages = {138--147},
volume = {302},
year = {2001}
}

@article{verbunt2003disuse,
  title={Disuse and deconditioning in chronic low back pain: concepts and hypotheses on contributing mechanisms},
  author={Verbunt, Jeanine A and Seelen, Henk A and Vlaeyen, Johan W and Heijden, Geert J and Heuts, Peter H and Pons, Kees and Knottnerus, J Andre},
  journal={European Journal of Pain},
  volume={7},
  number={1},
  pages={9--21},
  year={2003},
  publisher={Wiley Online Library}
}


@article{Stylianou2011,
author = {Stylianou, Antonis P and McVey, Molly a and Lyons, Kelly E and Pahwa, Rajesh and Luchies, Carl W},
journal={The International Journal of Neuroscience},
pages = {614--21},
title = {{Postural sway in patients with mild to moderate Parkinson's disease.}},
volume = {121},
year = {2011}
}

@article{Duarte2000,
author = {Duarte, Marcos and Zatsiorsky, Vladimir M.},
journal={Neuroscience Letters},
number = {3},
pages = {173--176},
title = {{On the fractal properties of natural human standing}},
volume = {283},
year = {2000}
}

@article{burgunder1998pathophysiology,
  title={Pathophysiology of akinetic movement disorders: a paradigm for studies in fibromyalgia?},
  author={Burgunder, J-M},
  journal={Zeitschrift f{\"u}r Rheumatologie},
  volume={57},
  number={2},
  pages={S27--S30},
  year={1998},
  publisher={Springer}
}

@article{mitchell2015obesity,
  title={Obesity and falls in older people: Mediating effects of disease, sedentary behavior, mood, pain and medication use},
  author={Mitchell, Rebecca J and Lord, Stephen R and Harvey, Lara A and Close, Jacqueline CT},
  journal={Archives of Gerontology and Geriatrics},
  volume={60},
  number={1},
  pages={52--58},
  year={2015},
  publisher={Elsevier}
}

@article{hurst1951long,
  title={Long-term storage capacity of reservoirs},
  author={Hurst, Harold Edwin},
  journal={Trans. Amer. Soc. Civil Eng.},
  volume={116},
  pages={770--808},
  year={1951}
}

@article{Shumway-Cook2000,
  author = {Shumway-Cook, a and Brauer, S and Woollacott, M},
  title={Predicting the probability for falls in community-dwelling older adults using the Timed Up \& Go Test},
  journal={Physical Therapy},
  volume={80},
  number={9},
  pages={896--903},
  year={2000},
}

@article{duschek2012cerebral,
  title={Cerebral blood flow dynamics during pain processing in patients with fibromyalgia syndrome},
  author={Duschek, Stefan and Mannhart, Tanja and Winkelmann, Andreas and Merzoug, Karim and Werner, Natalie S and Schuepbach, Daniel and Montoya, Pedro},
  journal={Psychosomatic Medicine},
  volume={74},
  number={8},
  pages={802--809},
  year={2012},
  publisher={LWW}
}

@article{cifre2012disrupted,
  title={Disrupted functional connectivity of the pain network in fibromyalgia},
  author={Cifre, Ignacio and Sitges, Carolina and Fraiman, Daniel and Mu{\~n}oz, Miguel {\'A}ngel and Balenzuela, Pablo and Gonz{\'a}lez-Rold{\'a}n, Ana and Mart{\'\i}nez-Jauand, Mercedes and Birbaumer, Niels and Chialvo, Dante R and Montoya, Pedro},
  journal={Psychosomatic Medicine},
  volume={74},
  number={1},
  pages={55--62},
  year={2012},
  publisher={LWW}
}

@article{montoya2005abnormal,
  title={Abnormal affective modulation of somatosensory brain processing among patients with fibromyalgia},
  author={Montoya, Pedro and Sitges, Carolina and Garc{\'\i}a-Herrera, Manuel and Izquierdo, Ra{\'u}l and Truyols, Magdalena and Blay, Nicole and Collado, Dolores},
  journal={Psychosomatic Medicine},
  volume={67},
  number={6},
  pages={957--963},
  year={2005},
  publisher={LWW}
}

@article{montoya2005altered,
  title={Altered processing of pain-related information in patients with fibromyalgia},
  author={Montoya, Pedro and Pauli, Paul and Batra, Anil and Wiedemann, Georg},
  journal={European Journal of Pain},
  volume={9},
  number={3},
  pages={293--293},
  year={2005},
  publisher={Wiley Online Library}
}

